@article{BoltzmannTranslation2015,
author = {Sharp, Kim and Matschinsky, Franz},
year = {2015},
month = {04},
pages = {1971-2009},
title = {Translation of Ludwig Boltzmann’s Paper “On the Relationship between the Second Fundamental Theorem of the Mechanical Theory of Heat and Probability Calculations Regarding the Conditions for Thermal Equilibrium” Sitzungberichte der Kaiserlichen Akademie der Wissenschaften. Mathematisch-Naturwissen Classe. Abt. II, LXXVI 1877, pp 373-435 (Wien. Ber. 1877, 76:373-435). Reprinted in Wiss. Abhandlungen, Vol. II, reprint 42, p. 164-223, Barth, Leipzig, 1909},
volume = {17},
journal = {Entropy},
doi = {10.3390/e17041971}
}

@article{Heisenberg2007,
author = {Busch, Paul and Heinonen, Teiko and Lahti, Pekka},
year = {2007},
month = {11},
pages = {},
title = {Heisenberg's uncertainty principle},
journal = {Physics Reports}
}

@misc{ferrari2025bekensteinhawkingentropybriefoverview,
      title={Bekenstein-Hawking Entropy: A Brief Overview}, 
      author={Ricardo Bulcão Valente Ferrari and Samuel Bueno Soltau},
      year={2025},
      eprint={2507.03778},
      archivePrefix={arXiv},
      primaryClass={gr-qc},
      url={https://arxiv.org/abs/2507.03778}, 
}

@article{HawkingRadiation2005,
author = {Page, Don},
year = {2005},
month = {09},
pages = {},
title = {Hawking Radiation and Black Hole Thermodynamics},
volume = {7},
journal = {New Journal of Physics},
doi = {10.1088/1367-2630/7/1/203}
}